@article{gray1997data,
  title={Data cube: A relational aggregation operator generalizing group-by, cross-tab, and sub-totals},
  author={Gray, Jim and Chaudhuri, Surajit and Bosworth, Adam and Layman, Andrew and Reichart, Don and Venkatrao, Murali and Pellow, Frank and Pirahesh, Hamid},
  journal={Data Mining and Knowledge Discovery},
  volume={1},
  number={1},
  pages={29--53},
  year={1997},
  publisher={Springer}
}

@article{stolte2003multiscale,
  title={Multiscale visualization using data cubes},
  author={Stolte, Chris and Tang, Diane and Hanrahan, Pat},
  journal={Visualization and Computer Graphics, IEEE Transactions on},
  volume={9},
  number={2},
  pages={176--187},
  year={2003},
  publisher={IEEE}
}

@TechReport{rdfdatacube,
  title={The rdf data cube vocabulary},
  author={Cyganiak, Richard and Reynolds, Dave and Tennison, Jeni},
  institution = {W3C},
  month = {December},
  year = {2013},
  number = {http://www.w3.org/TR/vocab-data-cube},
  howpublished = { \url{http://www.w3.org/TR/vocab-data-cube} }
}

@inproceedings{kampgen2011transforming,
  title={Transforming statistical linked data for use in OLAP systems},
  author={K{\"a}mpgen, Benedikt and Harth, Andreas},
  booktitle={Proceedings of the 7th international conference on Semantic systems},
  pages={33--40},
  year={2011},
  organization={ACM}
}

@article{lins2013nanocubes,
  title={Nanocubes for Real-Time Exploration of Spatiotemporal Datasets},
  author={Lins, Lauro and Klosowski, James T and Scheidegger, Carlos},
  journal={Visualization and Computer Graphics, IEEE Transactions on},
  volume={19},
  number={12},
  pages={2456--2465},
  year={2013},
  publisher={IEEE}
}

@article{liu2013immens,
  title={immens: Real-time visual querying of big data},
  author={Liu, Zhicheng and Jiang, Biye and Heer, Jeffrey},
  journal={Eurovis},
  year={2013}
}


@inproceedings{salas-icsc-2012,
  address = {Palermo, Italy},
  author = {Salas, Percy E and Martin, Michael and Mota, Fernando Maia Da and Breitman, Karin and Auer, S{\"o}ren and Casanova, Marco A},
  booktitle = {Proceedings of 6th International IEEE Conference on Semantic Computing},
  publisher = {IEEE},
  series = {IEEE 2012},
  title = {Publishing Statistical Data on the Web},
  url = {http://svn.aksw.org/papers/2012/ICSC_PublishingStatisticalData/public.pdf},
  year = 2012
}

@book{doan2012principles,
  title={Principles of data integration},
  author={Doan, AnHai and Halevy, Alon and Ives, Zachary},
  year={2012},
  publisher={Elsevier}
}

@book{ramakrishnan2000database,
  title={Database management systems},
  author={Ramakrishnan, Raghu and Gehrke, Johannes},
  year={2000},
  publisher={Osborne/McGraw-Hill}
}

@article{cattell2011scalable,
  title={Scalable SQL and NoSQL data stores},
  author={Cattell, Rick},
  journal={ACM SIGMOD Record},
  volume={39},
  number={4},
  pages={12--27},
  year={2011},
  publisher={ACM}
}

@article{berners2001semantic,
  title={The semantic web},
  author={Berners-Lee, Tim and Hendler, James and Lassila, Ora and others},
  journal={Scientific american},
  volume={284},
  number={5},
  pages={28--37},
  year={2001},
  publisher={New York, NY, USA:}
}

@inproceedings{bizer2006d2r,
  title={D2r server-publishing relational databases on the semantic web},
  author={Bizer, Christian and Cyganiak, Richard},
  booktitle={5th international Semantic Web conference},
  pages={26},
  year={2006}
}

@article{lytras2008semantic,
  title={Semantic Web applications: a framework for industry and business exploitation--What is needed for the adoption of the Semantic Web from the market and industry},
  author={Lytras, Miltiadis D and Garc{\'\i}a, Roberto},
  journal={International Journal of Knowledge and Learning},
  volume={4},
  number={1},
  pages={93--108},
  year={2008},
  publisher={Inderscience}
}

@article{playfair1786commercial,
  title={Commercial and political atlas: Representing, by copper-plate charts, the progress of the commerce, revenues, expenditure, and debts of England, during the whole of the eighteenth century},
  author={Playfair, William},
  journal={London: Corry},
  year={1786}
}

@article{bertin1983semiology,
  title={Semiology of graphics: diagrams, networks, maps},
  author={Bertin, Jacques},
  year={1983},
  publisher={University of Wisconsin press}
}

@book{wilkinson2005grammar,
  title={The grammar of graphics},
  author={Wilkinson, Leland},
  year={2005},
  publisher={Springer}
}

@article{mackinlay1986automating,
  title={Automating the design of graphical presentations of relational information},
  author={Mackinlay, Jock},
  journal={ACM Transactions on Graphics (TOG)},
  volume={5},
  number={2},
  pages={110--141},
  year={1986},
  publisher={ACM}
}

@article{cuzzocrea2009olap,
  title={Olap visualization: models, issues, and techniques},
  author={Cuzzocrea, Alfredo and Mansmann, Svetlana},
  journal={Encyclopedia of Data Warehousing and Mining,},
  pages={1439--1446},
  year={2009}
}

@article{cuzzocrea2007semantics,
  title={Semantics-aware advanced OLAP visualization of multidimensional data cubes},
  author={Cuzzocrea, Alfredo and Sacca, Domenico and Serafino, Paolo},
  journal={International Journal of Data Warehousing and Mining (IJDWM)},
  volume={3},
  number={4},
  pages={1--30},
  year={2007},
  publisher={IGI Global}
}

@incollection{cuzzocrea2006hierarchy,
  title={A hierarchy-driven compression technique for advanced olap visualization of multidimensional data cubes},
  author={Cuzzocrea, Alfredo and Sacc{\`a}, Domenico and Serafino, Paolo},
  booktitle={Data Warehousing and Knowledge Discovery},
  pages={106--119},
  year={2006},
  publisher={Springer}
}

@article{html5,
  title={HTML5: A vocabulary and associated APIs for HTML and XHTML},
  author={Hickson, Ian and Berjon, Robin and Faulkner, Steve and Leithead, Travis and Navara, Erika Doyle and O'Connor, Edward and Pfeiffer, Silvia},
  journal={W3C Working Draft edition},
  year={2013}
}

@article{svg,
  title={Scalable Vector Graphics (SVG) 1.1 (Second Edition)},
  author={ Dahlstr√∂m, Erik and Dengler, Patrick and Grasso, Anthony and Lilley, Chris and McCormack, Cameron and Schepers, Doug and Watt, Jonathan and Ferraiolo, Jon and Jun, Fujisawa and Jackson, Dean},
  journal={W3C Recommendation},
  year={2011}
}
@book{fulton2013html5,
  title={HTML5 Canvas},
  author={Fulton, Steve and Fulton, Jeff},
  year={2013},
  publisher={O'Reilly Media}
}

@book{matsuda2013webgl,
  title={WebGL programming guide: interactive 3D graphics programming with WebGL},
  author={Matsuda, Kouichi and Lea, Rodger},
  year={2013},
  publisher={Pearson Education}
}

@article{d3,
  title = {D3: Data-Driven Documents},
  author = {Michael Bostock AND Vadim Ogievetsky AND Jeffrey Heer},
  journal = {IEEE Trans. Visualization \& Comp. Graphics (Proc. InfoVis)},
  year = {2011},
  url = {http://vis.stanford.edu/papers/d3}
}


@article{viegas2007manyeyes,
  title={Manyeyes: a site for visualization at internet scale},
  author={Viegas, Fernanda B and Wattenberg, Martin and Van Ham, Frank and Kriss, Jesse and McKeon, Matt},
  journal={Visualization and Computer Graphics, IEEE Transactions on},
  volume={13},
  number={6},
  pages={1121--1128},
  year={2007},
  publisher={IEEE}
}

@article{rosling2005new,
  title={New software brings statistics beyond the eye},
  author={Rosling, Hans and Rosling, R{\"o}nnlund A and Rosling, Ola},
  journal={Statistics, Knowledge and Policy: Key Indicators to Inform Decision Making. Paris, France: OECD Publishing},
  pages={522--530},
  year={2005},
  publisher={Citeseer}
}

@article{datta1999cube,
  title={The cube data model: a conceptual model and algebra for on-line analytical processing in data warehouses},
  author={Datta, Anindya and Thomas, Helen},
  journal={Decision Support Systems},
  volume={27},
  number={3},
  pages={289--301},
  year={1999},
  publisher={Elsevier}
}

@article{kuznetsov2009mathematical,
  title={A mathematical model of the OLAP cubes},
  author={Kuznetsov, SD and Kudryavtsev, Yu A},
  journal={Programming and Computer Software},
  volume={35},
  number={5},
  pages={257--265},
  year={2009},
  publisher={Springer}
}

@article{graham2010survey,
  title={A survey of multiple tree visualisation},
  author={Graham, Martin and Kennedy, Jessie},
  journal={Information Visualization},
  volume={9},
  number={4},
  pages={235--252},
  year={2010},
  publisher={SAGE Publications}
}

@article{shneiderman1992tree,
  title={Tree visualization with tree-maps: 2-d space-filling approach},
  author={Shneiderman, Ben},
  journal={ACM Transactions on graphics (TOG)},
  volume={11},
  number={1},
  pages={92--99},
  year={1992},
  publisher={ACM}
}

@article{schulz2011treevis,
  title={Treevis. net: A tree visualization reference},
  author={Schulz, H-J},
  journal={Computer Graphics and Applications, IEEE},
  volume={31},
  number={6},
  pages={11--15},
  year={2011},
  publisher={IEEE}
}

@inproceedings{barlow2001comparison,
  title={A Comparison of 2-D Visualizations of Hierarchies.},
  author={Barlow, S Todd and Neville, Padraic},
  booktitle={infovis},
  volume={1},
  pages={131},
  year={2001}
}

@article{eick2000visualizing,
  title={Visualizing multi-dimensional data},
  author={Eick, Stephen G},
  journal={ACM SIGGRAPH computer graphics},
  volume={34},
  number={1},
  pages={61--67},
  year={2000},
  publisher={ACM}
}

@article{vassiliadis1999survey,
  title={A survey of logical models for OLAP databases},
  author={Vassiliadis, Panos and Sellis, Timos},
  journal={ACM Sigmod Record},
  volume={28},
  number={4},
  pages={64--69},
  year={1999},
  publisher={ACM}
}

@inproceedings{vassiliadis1998modeling,
  title={Modeling multidimensional databases, cubes and cube operations},
  author={Vassiliadis, Panos},
  booktitle={Scientific and Statistical Database Management, 1998. Proceedings. Tenth International Conference on},
  pages={53--62},
  year={1998},
  organization={IEEE}
}

@inproceedings{li1996data,
  title={A data model for supporting on-line analytical processing},
  author={Li, Chang and Wang, X Sean},
  booktitle={Proceedings of the fifth international conference on Information and knowledge management},
  pages={81--88},
  year={1996},
  organization={ACM}
}

@inproceedings{agrawal1997modeling,
  title={Modeling multidimensional databases},
  author={Agrawal, Rakesh and Gupta, Ashish and Sarawagi, Sunita},
  booktitle={Data Engineering, 1997. Proceedings. 13th International Conference on},
  pages={232--243},
  year={1997},
  organization={IEEE}
}

@inproceedings{gyssens1997foundation,
  title={A foundation for multi-dimensional databases},
  author={Gyssens, Marc and Lakshmanan, Laks VS},
  booktitle={VLDB},
  volume={97},
  pages={106--115},
  year={1997}
}

@inproceedings{clifford1985algebra,
  title={On an algebra for historical relational databases: two views},
  author={Clifford, James and Tansel, Abdullah Uz},
  booktitle={ACM SIGMOD Record},
  volume={14},
  number={4},
  pages={247--265},
  year={1985},
  organization={ACM}
}

@inproceedings{blaschka1998finding,
  title={Finding your way through multidimensional data models},
  author={Blaschka, Markus and Sapia, Carsten and Hofling, Gabriele and Dinter, Barbara},
  booktitle={Database and Expert Systems Applications, 1998. Proceedings. Ninth International Workshop on},
  pages={198--203},
  year={1998},
  organization={IEEE}
}

@article{leavitt2010will,
  title={Will NoSQL databases live up to their promise?},
  author={Leavitt, Neal},
  journal={Computer},
  volume={43},
  number={2},
  pages={12--14},
  year={2010},
  publisher={IEEE}
}

@article{stonebraker2010sql,
  title={SQL databases v. NoSQL databases},
  author={Stonebraker, Michael},
  journal={Communications of the ACM},
  volume={53},
  number={4},
  pages={10--11},
  year={2010},
  publisher={ACM}
}

@article{bizer2009linked,
  title={Linked data-the story so far},
  author={Bizer, Christian and Heath, Tom and Berners-Lee, Tim},
  journal={International Journal on Semantic Web and Information Systems (IJSWIS)},
  volume={5},
  number={3},
  pages={1--22},
  year={2009},
  publisher={IGI Global}
}

@article{bizer2007publish,
  title={How to publish linked data on the web},
  author={Bizer, Chris and Cyganiak, Richard and Heath, Tom},
  journal={Retrieved June},
  volume={20},
  pages={2008},
  year={2007}
}

@incollection{quilitz2008querying,
  title={Querying distributed RDF data sources with SPARQL},
  author={Quilitz, Bastian and Leser, Ulf},
  booktitle={The Semantic Web: Research and Applications},
  pages={524--538},
  year={2008},
  publisher={Springer}
}

@incollection{halpin2010owl,
  title={When owl: sameas isn‚Äôt the same: An analysis of identity in linked data},
  author={Halpin, Harry and Hayes, Patrick J and McCusker, James P and McGuinness, Deborah L and Thompson, Henry S},
  booktitle={The Semantic Web--ISWC 2010},
  pages={305--320},
  year={2010},
  publisher={Springer}
}

@incollection{ding2010sameas,
  title={SameAs networks and beyond: analyzing deployment status and implications of owl: sameAs in linked data},
  author={Ding, Li and Shinavier, Joshua and Shangguan, Zhenning and McGuinness, Deborah L},
  booktitle={The Semantic Web--ISWC 2010},
  pages={145--160},
  year={2010},
  publisher={Springer}
}
@article{cyganiak2010semantic,
  title={Semantic Statistics: Bringing Together SDMX and SCOVO.},
  author={Cyganiak, Richard and Field, Simon and Gregory, Arofan and Halb, Wolfgang and Tennison, Jeni},
  journal={LDOW},
  volume={628},
  year={2010},
  publisher={Citeseer}
}

@inproceedings{lenzerini2002data,
  title={Data integration: A theoretical perspective},
  author={Lenzerini, Maurizio},
  booktitle={Proceedings of the twenty-first ACM SIGMOD-SIGACT-SIGART symposium on Principles of database systems},
  pages={233--246},
  year={2002},
  organization={ACM}
}

@article{codd1993providing,
  title={Providing OLAP (on-line analytical processing) to user-analysts: An IT mandate},
  author={Codd, Edgar F and Codd, Sharon B and Salley, Clynch T},
  journal={Codd and Date},
  volume={32},
  year={1993},
  publisher={Codd \& Date, Inc.}
}

@article{cabello2010three,
  title={Three. js},
  author={Cabello, Ricardo},
  journal={URL: https://github. com/mrdoob/three. js},
  year={2013}
}


@inproceedings{kokoszkiewicz2012hbrowse,
  title={hBrowse-Generic framework for hierarchical data visualization},
  author={Kokoszkiewicz, Lukasz and ANDREEVA, Julia and DZHUNOV, Ivan Antoniev and KARAVAKIS, Edward and LAMANNA, Massimo and MOSCICKI, Jakub and SARGSYAN, Laura},
  booktitle={Proceedings of the Computing in High Energy and Nuclear Physics 2012 International Conference},
  year={2012}
}

@incollection{maali2012publishing,
  title={A publishing pipeline for linked government data},
  author={Maali, Fadi and Cyganiak, Richard and Peristeras, Vassilios},
  booktitle={The Semantic Web: Research and Applications},
  pages={778--792},
  year={2012},
  publisher={Springer}
}

@incollection{lopez2012queriocity,
  title={Queriocity: A linked data platform for urban information management},
  author={Lopez, Vanessa and Kotoulas, Spyros and Sbodio, Marco Luca and Stephenson, Martin and Gkoulalas-Divanis, Aris and Mac Aonghusa, P{\'o}l},
  booktitle={The Semantic Web--ISWC 2012},
  pages={148--163},
  year={2012},
  publisher={Springer}
}

@inproceedings{halevy2006data,
  title={Data integration: the teenage years},
  author={Halevy, Alon and Rajaraman, Anand and Ordille, Joann},
  booktitle={Proceedings of the 32nd international conference on Very large data bases},
  pages={9--16},
  year={2006},
  organization={VLDB Endowment}
}

@article{rahm2001survey,
  title={A survey of approaches to automatic schema matching},
  author={Rahm, Erhard and Bernstein, Philip A},
  journal={the VLDB Journal},
  volume={10},
  number={4},
  pages={334--350},
  year={2001},
  publisher={Springer}
}

@incollection{shvaiko2005survey,
  title={A survey of schema-based matching approaches},
  author={Shvaiko, Pavel and Euzenat, J{\'e}r{\^o}me},
  booktitle={Journal on Data Semantics IV},
  pages={146--171},
  year={2005},
  publisher={Springer}
}

@inproceedings{doan2001reconciling,
  title={Reconciling schemas of disparate data sources: A machine-learning approach},
  author={Doan, AnHai and Domingos, Pedro and Halevy, Alon Y},
  booktitle={ACM Sigmod Record},
  volume={30},
  number={2},
  pages={509--520},
  year={2001},
  organization={ACM}
}

@inproceedings{kang2003schema,
  title={On schema matching with opaque column names and data values},
  author={Kang, Jaewoo and Naughton, Jeffrey F},
  booktitle={SIGMOD Conference},
  pages={205--216},
  year={2003}
}

@inproceedings{milo1998using,
  title={Using schema matching to simplify heterogeneous data translation},
  author={Milo, Tova and Zohar, Sagit},
  booktitle={VLDB},
  volume={98},
  pages={24--27},
  year={1998},
  organization={Citeseer}
}

@inproceedings{madhavan2001generic,
  title={Generic schema matching with cupid},
  author={Madhavan, Jayant and Bernstein, Philip A and Rahm, Erhard},
  booktitle={VLDB},
  volume={1},
  pages={49--58},
  year={2001}
}

@inproceedings{doan2000learning,
  title={Learning Source Description for Data Integration.},
  author={Doan, AnHai and Domingos, Pedro and Levy, Alon Y},
  booktitle={WebDB (Informal Proceedings)},
  pages={81--86},
  year={2000}
}

@inproceedings{he2003statistical,
  title={Statistical schema matching across web query interfaces},
  author={He, Bin and Chang, Kevin Chen-Chuan},
  booktitle={Proceedings of the 2003 ACM SIGMOD international conference on Management of data},
  pages={217--228},
  year={2003},
  organization={ACM}
}

@article{noy2004semantic,
  title={Semantic integration: a survey of ontology-based approaches},
  author={Noy, Natalya F},
  journal={ACM Sigmod Record},
  volume={33},
  number={4},
  pages={65--70},
  year={2004},
  publisher={ACM}
}

@article{doan2005semantic,
  title={Semantic integration research in the database community: A brief survey},
  author={Doan, AnHai and Halevy, Alon Y},
  journal={AI magazine},
  volume={26},
  number={1},
  pages={83},
  year={2005}
}

@inproceedings{madhavan2007web,
  title={Web-scale data integration: You can only afford to pay as you go},
  author={Madhavan, Jayant and Jeffery, S and Cohen, Shirley and Dong, X and Ko, David and Yu, Cong and Halevy, Alon},
  booktitle={Proceedings of CIDR},
  pages={342--350},
  year={2007}
}

@article{kalfoglou2003ontology,
  title={Ontology mapping: the state of the art},
  author={Kalfoglou, Yannis and Schorlemmer, Marco},
  journal={The knowledge engineering review},
  volume={18},
  number={1},
  pages={1--31},
  year={2003},
  publisher={Cambridge Univ Press}
}

@incollection{noy2009ontology,
  title={Ontology mapping},
  author={Noy, Natalya F},
  booktitle={Handbook on ontologies},
  pages={573--590},
  year={2009},
  publisher={Springer}
}

@article{uschold2004ontologies,
  title={Ontologies and semantics for seamless connectivity},
  author={Uschold, Michael and Gruninger, Michael},
  journal={ACM SIGMod Record},
  volume={33},
  number={4},
  pages={58--64},
  year={2004},
  publisher={ACM}
}

@inproceedings{wache2001ontology,
  title={Ontology-based integration of information-a survey of existing approaches},
  author={Wache, Holger and Voegele, Thomas and Visser, Ubbo and Stuckenschmidt, Heiner and Schuster, Gerhard and Neumann, Holger and H{\"u}bner, Sebastian},
  booktitle={IJCAI-01 workshop: ontologies and information sharing},
  volume={2001},
  pages={108--117},
  year={2001},
  organization={Citeseer}
}

@article{noy2003prompt,
  title={The PROMPT suite: interactive tools for ontology merging and mapping},
  author={Noy, Natalya F and Musen, Mark A},
  journal={International Journal of Human-Computer Studies},
  volume={59},
  number={6},
  pages={983--1024},
  year={2003},
  publisher={Elsevier}
}

@book{euzenat2007ontology,
  title={Ontology matching},
  author={J{\'e}r{\^o}me and Shvaiko, Pavel and others},
  year={2007},
  publisher={Springer}
}

@inproceedings{winkler1999state,
  title={The state of record linkage and current research problems},
  author={Winkler, William E},
  booktitle={Statistical Research Division, US Census Bureau},
  year={1999},
  organization={Citeseer}
}

@article{winkler1995matching,
  title={Matching and record linkage},
  author={Winkler, William E},
  journal={Business survey methods},
  volume={1},
  pages={355--384},
  year={1995}
}

@inproceedings{winkler2006overview,
  title={Overview of record linkage and current research directions},
  author={Winkler, William E},
  booktitle={Bureau of the Census},
  year={2006},
  organization={Citeseer}
}

@article{jaro1995probabilistic,
  title={Probabilistic linkage of large public health data files},
  author={Jaro, Matthew A},
  journal={Statistics in medicine},
  volume={14},
  number={5-7},
  pages={491--498},
  year={1995},
  publisher={Wiley Online Library}
}

@article{jaro1989advances,
  title={Advances in record-linkage methodology as applied to matching the 1985 census of Tampa, Florida},
  author={Jaro, Matthew A},
  journal={Journal of the American Statistical Association},
  volume={84},
  number={406},
  pages={414--420},
  year={1989},
  publisher={Taylor \& Francis}
}

@inproceedings{koudas2006record,
  title={Record linkage: similarity measures and algorithms},
  author={Koudas, Nick and Sarawagi, Sunita and Srivastava, Divesh},
  booktitle={Proceedings of the 2006 ACM SIGMOD international conference on Management of data},
  pages={802--803},
  year={2006},
  organization={ACM}
}

@article{holman1999population,
  title={Population-based linkage of health records in Western Australia: development of a health services research linked database},
  author={Holman, CD'Arcy J and Bass, A John and Rouse, Ian L and Hobbs, Michael ST},
  journal={Australian and New Zealand journal of public health},
  volume={23},
  number={5},
  pages={453--459},
  year={1999},
  publisher={Wiley Online Library}
}

@inproceedings{christen2008febrl,
  title={Febrl-: an open source data cleaning, deduplication and record linkage system with a graphical user interface},
  author={Christen, Peter},
  booktitle={Proceedings of the 14th ACM SIGKDD international conference on Knowledge discovery and data mining},
  pages={1065--1068},
  year={2008},
  organization={ACM}
}

@inproceedings{aizawa2005fast,
  title={A fast linkage detection scheme for multi-source information integration},
  author={Aizawa, Akiko and Oyama, Keizo},
  booktitle={Web Information Retrieval and Integration, 2005. WIRI'05. Proceedings. International Workshop on Challenges in},
  pages={30--39},
  year={2005},
  organization={IEEE}
}

@inproceedings{kandel2011wrangler,
  title={Wrangler: Interactive visual specification of data transformation scripts},
  author={Kandel, Sean and Paepcke, Andreas and Hellerstein, Joseph and Heer, Jeffrey},
  booktitle={PART 5--------Proceedings of the 2011 annual conference on Human factors in computing systems},
  pages={3363--3372},
  year={2011},
  organization={ACM}
}

@inproceedings{ziegler2004three,
  title={Three decades of data integration-All problems solved?},
  author={Ziegler, Patrick and Dittrich, Klaus R},
  booktitle={IFIP congress topical sessions},
  pages={3--12},
  year={2004},
  organization={Springer}
}

@inproceedings{elfeky2002tailor,
  title={TAILOR: A record linkage toolbox},
  author={Elfeky, Mohamed G and Verykios, Vassilios S and Elmagarmid, Ahmed K},
  booktitle={Data Engineering, 2002. Proceedings. 18th International Conference on},
  pages={17--28},
  year={2002},
  organization={IEEE}
}

@article{gu2003record,
  title={Record linkage: Current practice and future directions},
  author={Gu, Lifang and Baxter, Rohan and Vickers, Deanne and Rainsford, Chris},
  journal={CSIRO Mathematical and Information Sciences Technical Report},
  volume={3},
  pages={83},
  year={2003}
}

@article{hay1998making,
  title={Making Data Models Readable.},
  author={Hay, David C},
  journal={Information Systems Management},
  volume={15},
  pages={21--33},
  year={1998},
  publisher={Taylor \& Francis}
}

@inproceedings{chi2000taxonomy,
  title={A taxonomy of visualization techniques using the data state reference model},
  author={Chi, Ed Huai-hsin},
  booktitle={Information Visualization, 2000. InfoVis 2000. IEEE Symposium on},
  pages={69--75},
  year={2000},
  organization={IEEE}
}

@inproceedings{chi1998operator,
  title={An operator interaction framework for visualization systems},
  author={Chi, Ed Huai-hsin and Riedl, John T},
  booktitle={Information Visualization, 1998. Proceedings. IEEE Symposium on},
  pages={63--70},
  year={1998},
  organization={IEEE}
}

@article{becker1987brushing,
  title={Brushing scatterplots},
  author={Becker, Richard A and Cleveland, William S},
  journal={Technometrics},
  volume={29},
  number={2},
  pages={127--142},
  year={1987},
  publisher={Taylor \& Francis Group}
}

@article{shneiderman1994dynamic,
  title={Dynamic queries for visual information seeking},
  author={Shneiderman, Ben},
  journal={Software, IEEE},
  volume={11},
  number={6},
  pages={70--77},
  year={1994},
  publisher={IEEE}
}

@inproceedings{ward1994xmdvtool,
  title={Xmdvtool: Integrating multiple methods for visualizing multivariate data},
  author={Ward, Matthew O},
  booktitle={Proceedings of the Conference on Visualization'94},
  pages={326--333},
  year={1994},
  organization={IEEE Computer Society Press}
}

@article{anselin1999interactive,
  title={Interactive techniques and exploratory spatial data analysis},
  author={Anselin, Luc},
  journal={Geographical Information Systems: principles, techniques, management and applications},
  volume={1},
  pages={251--264},
  year={1999},
  publisher={Wiley New York}
}

@inproceedings{shneiderman1996eyes,
  title={The eyes have it: A task by data type taxonomy for information visualizations},
  author={Shneiderman, Ben},
  booktitle={Visual Languages, 1996. Proceedings., IEEE Symposium on},
  pages={336--343},
  year={1996},
  organization={IEEE}
}

@inproceedings{card1997structure,
  title={The structure of the information visualization design space},
  author={Card, Stuart K and Mackinlay, Jock},
  booktitle={Information Visualization, 1997. Proceedings., IEEE Symposium on},
  pages={92--99},
  year={1997},
  organization={IEEE}
}

@article{yi2007toward,
  title={Toward a deeper understanding of the role of interaction in information visualization},
  author={Yi, Ji Soo and ah Kang, Youn and Stasko, John T and Jacko, Julie A},
  journal={Visualization and Computer Graphics, IEEE Transactions on},
  volume={13},
  number={6},
  pages={1224--1231},
  year={2007},
  publisher={IEEE}
}

@inproceedings{stolte2002query,
  title={Query, analysis, and visualization of hierarchically structured data using Polaris},
  author={Stolte, Chris and Tang, Diane and Hanrahan, Pat},
  booktitle={KDD},
  volume={2},
  pages={112--122},
  year={2002},
  organization={Citeseer}
}

@article{stolte2002polaris,
  title={Polaris: A system for query, analysis, and visualization of multidimensional relational databases},
  author={Stolte, Chris and Tang, Diane and Hanrahan, Pat},
  journal={Visualization and Computer Graphics, IEEE Transactions on},
  volume={8},
  number={1},
  pages={52--65},
  year={2002},
  publisher={IEEE}
}

@inproceedings{scotch2005sovat,
  title={SOVAT: Spatial OLAP visualization and analysis tool},
  author={Scotch, Matthew and Parmanto, Bambang},
  booktitle={System Sciences, 2005. HICSS'05. Proceedings of the 38th Annual Hawaii International Conference on},
  pages={142b--142b},
  year={2005},
  organization={IEEE}
}

@article{scotch2007usability,
  title={Usability evaluation of the spatial olap visualization and analysis tool (sovat)},
  author={Scotch, Mathew and Parmanto, Bambang and Monaco, Valerie},
  journal={Journal of Usability Studies},
  volume={2},
  number={2},
  pages={76--95},
  year={2007}
}

@incollection{techapichetvanich2005interactive,
  title={Interactive visualization for OLAP},
  author={Techapichetvanich, Kesaraporn and Datta, Amitava},
  booktitle={Computational Science and Its Applications--ICCSA 2005},
  pages={206--214},
  year={2005},
  publisher={Springer}
}
@inproceedings{maniatis2003advanced,
  title={Advanced visualization for OLAP},
  author={Maniatis, Andreas S and Vassiliadis, Panos and Skiadopoulos, Spiros and Vassiliou, Yannis},
  booktitle={Proceedings of the 6th ACM international workshop on Data warehousing and OLAP},
  pages={9--16},
  year={2003},
  organization={ACM}
}


@inproceedings{usman2009conceptual,
  title={A conceptual model for combining enhanced OLAP and data mining systems},
  author={Usman, Muhammad and Asghar, Sohail and Fong, Simon},
  booktitle={INC, IMS and IDC, 2009. NCM'09. Fifth International Joint Conference on},
  pages={1958--1963},
  year={2009},
  organization={IEEE}
}

@inproceedings{sifer2003visual,
  title={A visual interface technique for exploring OLAP data with coordinated dimension hierarchies},
  author={Sifer, Mark},
  booktitle={Proceedings of the twelfth international conference on Information and knowledge management},
  pages={532--535},
  year={2003},
  organization={ACM}
}

@misc{ciaWorldFactbookData,
  title={Country Comparison :: GDP - Real Growth Rate},
  author={US Central Intelligence Agency},
  month = {February},
  year = {2014},
  howpublished = { \url{https://www.cia.gov/library/publications/the-world-factbook/rankorder/2003rank.html} }
}

@misc{crockford2006application,
  title={The application/json media type for javascript object notation (json)},
  author={Crockford, Douglas},
  year={2006},
  howpublished = { \url{http://tools.ietf.org/html/rfc4627} }
}

@misc{mdgDataUI,
  title={Millenium Development Goals Indicators; Country Level Data},
  author={United Nations},
  month = {February},
  year = {2014},
  howpublished = { \url{http://unstats.un.org/unsd/mdg/Data.aspx} }
}

@misc{unPopData,
  title={World Population Prospects: The 2012 Revision},
  author={United Nations},
  month = {February},
  year = {2014},
  howpublished = { \url{http://esa.un.org/unpd/wpp/Excel-Data/population.htm} }
}

@inproceedings{mansmann2008visual,
  title={Visual OLAP: A new paradigm for exploring multidimensional aggregates},
  author={Mansmann, Svetlana and Scholl, Marc H},
  booktitle={Proc. of IADIS Int‚Äôl Conf. on Computer Graphics and Visualization (CGV)},
  pages={59--66},
  year={2008}
}

@inproceedings{mansmann2007exploring,
  title={Exploring OLAP aggregates with hierarchical visualization techniques},
  author={Mansmann, Svetlana and Scholl, Marc H},
  booktitle={Proceedings of the 2007 ACM symposium on Applied computing},
  pages={1067--1073},
  year={2007},
  organization={ACM}
}

@book{mansmann2006extending,
  title={Extending visual OLAP for handling irregular dimensional hierarchies},
  author={Mansmann, Svetlana and Scholl, Marc H},
  year={2006},
  publisher={Springer}
}

@book{kimball1998data,
  title={The data warehouse lifecycle toolkit: expert methods for designing, developing, and deploying data warehouses},
  author={Kimball, Ralph},
  year={1998},
  publisher={Wiley. com}
}

@misc{gapminderData,
  title={Data in Gapminder World},
  author={Gapminder},
  month = {February},
  year = {2014},
  howpublished = { \url{http://www.gapminder.org/data/} }
}

@misc{CDCVitalStatsUI,
  title={National Vital Statistics System},
  author={US Centers for Disease Control},
  month = {February},
  year = {2014},
  howpublished = { \url{http://205.207.175.93/Vitalstats/TableViewer/tableView.aspx} }
}
@misc{nsfBachelorsDegrees,
  title={SCIENCE and ENGINEERING INDICATORS 2012 State Data Tool},
  author={National Science Foundation},
  month = {February},
  year = {2014},
  howpublished = { \url{http://www.nsf.gov/statistics/seind12/c8/interactive/map.cfm?table=31&year=2009} }
}
@misc{beyond2020webDataServer,
  title={Product: Web Data Server},
  author={Beyond 20/20},
  month = {February},
  year = {2014},
  howpublished = { \url{http://www.beyond2020.com/index.php/data-solutions/products/web-data-server} }
}
@book{card1999readings,
  title={Readings in information visualization: using vision to think},
  author={Card, Stuart K and Mackinlay, Jock D and Shneiderman, Ben},
  year={1999},
  publisher={Morgan Kaufmann}
}

@article{chaudhuri1997overview,
  title={An overview of data warehousing and OLAP technology},
  author={Chaudhuri, Surajit and Dayal, Umeshwar},
  journal={ACM Sigmod record},
  volume={26},
  number={1},
  pages={65--74},
  year={1997},
  publisher={ACM}
}

@article{hanrahan2007visual,
  title={visual analysis for everyone},
  author={Hanrahan, Pat and Stolte, Chris and Mackinlay, Jock},
  journal={Tableau White paper},
  volume={4},
  year={2007}
}

@inproceedings{lee1995new,
  title={A new visualisation technique for knowledge discovery in OLAP},
  author={Lee, Hing-Yan and Ong, Hwee-Leng},
  booktitle={KDOOD/TDOOD},
  pages={23--25},
  year={1995},
  organization={Citeseer}
}

@article{tegarden1999business,
  title={Business information visualization},
  author={Tegarden, David P},
  journal={Communications of the AIS},
  volume={1},
  number={1es},
  pages={4},
  year={1999},
  publisher={Association for Information Systems}
}

@book{tufte1983visual,
  title={The visual display of quantitative information},
  author={Tufte, Edward R and Graves-Morris, PR},
  volume={2},
  year={1983},
  publisher={Graphics press Cheshire, CT}
}

@book{osmani2012learning,
  title={Learning JavaScript Design Patterns},
  author={Osmani, Addy},
  year={2012},
  publisher={" O'Reilly Media, Inc."}
}

@article{reingold1981tidier,
  title={Tidier drawings of trees},
  author={Reingold, Edward M and Tilford, John S.},
  journal={Software Engineering, IEEE Transactions on},
  number={2},
  pages={223--228},
  year={1981},
  publisher={IEEE}
}

@incollection{fagin2003data,
  title={Data exchange: Semantics and query answering},
  author={Fagin, Ronald and Kolaitis, Phokion G and Miller, Ren{\'e}e J and Popa, Lucian},
  booktitle={Database Theory‚ÄîICDT 2003},
  pages={207--224},
  year={2003},
  publisher={Springer}
}

@article{yang2003data,
  title={A data cube model for prediction-based Web prefetching},
  author={Yang, Qiang and Huang, Joshua Zhexue and Ng, Michael},
  journal={Journal of Intelligent Information Systems},
  volume={20},
  number={1},
  pages={11--30},
  year={2003},
  publisher={Springer}
}

@inproceedings{elliott1997functional,
  title={Functional reactive animation},
  author={Elliott, Conal and Hudak, Paul},
  booktitle={ACM SIGPLAN Notices},
  volume={32},
  number={8},
  pages={263--273},
  year={1997},
  organization={ACM}
}

@inproceedings{wan2000functional,
  title={Functional reactive programming from first principles},
  author={Wan, Zhanyong and Hudak, Paul},
  booktitle={ACM SIGPLAN Notices},
  volume={35},
  number={5},
  pages={242--252},
  year={2000},
  organization={ACM}
}

@incollection{hudak2003arrows,
  title={Arrows, robots, and functional reactive programming},
  author={Hudak, Paul and Courtney, Antony and Nilsson, Henrik and Peterson, John},
  booktitle={Advanced Functional Programming},
  pages={159--187},
  year={2003},
  publisher={Springer}
}

@article{krasner1988description,
  title={A description of the model-view-controller user interface paradigm in the smalltalk-80 system},
  author={Krasner, Glenn E and Pope, Stephen T and others},
  journal={Journal of object oriented programming},
  volume={1},
  number={3},
  pages={26--49},
  year={1988}
}

@book{cormen2009introduction,
  title={Introduction to algorithms},
  author={Cormen, Thomas H and Leiserson, Charles E and Rivest, Ronald L and Stein, Clifford and others},
  year={2009},
  publisher={MIT press}
}

@article{schmidt1995reactor,
  title={Reactor: An object behavioral pattern for concurrent event demultiplexing and dispatching},
  author={Schmidt, Douglas C},
  year={1995},
  publisher={Citeseer}
}

@inproceedings{leff2001web,
  title={Web-application development using the model/view/controller design pattern},
  author={Leff, Avraham and Rayfield, James T},
  booktitle={Enterprise Distributed Object Computing Conference, 2001. EDOC'01. Proceedings. Fifth IEEE International},
  pages={118--127},
  year={2001},
  organization={IEEE}
}

@inproceedings{abram1995extended,
  title={An extended data-flow architecture for data analysis and visualization},
  author={Abram, Greg and Treinish, Lloyd},
  booktitle={Proceedings of the 6th conference on Visualization'95},
  pages={263},
  year={1995},
  organization={IEEE Computer Society}
}

@article{hils1992visual,
  title={Visual languages and computing survey: Data flow visual programming languages},
  author={Hils, Daniel D},
  journal={Journal of Visual Languages \& Computing},
  volume={3},
  number={1},
  pages={69--101},
  year={1992},
  publisher={Elsevier}
}

@article{fisher1936use,
  title={The use of multiple measurements in taxonomic problems},
  author={Fisher, Ronald A},
  journal={Annals of eugenics},
  volume={7},
  number={2},
  pages={179--188},
  year={1936},
  publisher={Wiley Online Library}
}

@book{pilgrim2010html5,
  title={HTML5: up and running},
  author={Pilgrim, Mark},
  year={2010},
  publisher={" O'Reilly Media, Inc."}
}

@inproceedings{congote2011interactive,
  title={Interactive visualization of volumetric data with webgl in real-time},
  author={Congote, John and Segura, Alvaro and Kabongo, Luis and Moreno, Aitor and Posada, Jorge and Ruiz, Oscar},
  booktitle={Proceedings of the 16th International Conference on 3D Web Technology},
  pages={137--146},
  year={2011},
  organization={ACM}
}

@article{anselin2006geoda,
  title={GeoDa: an introduction to spatial data analysis},
  author={Anselin, Luc and Syabri, Ibnu and Kho, Youngihn},
  journal={Geographical analysis},
  volume={38},
  number={1},
  pages={5--22},
  year={2006},
  publisher={Wiley Online Library}
}

@article{ahlberg1996spotfire,
  title={Spotfire: an information exploration environment},
  author={Ahlberg, Christopher},
  journal={ACM SIGMOD Record},
  volume={25},
  number={4},
  pages={25--29},
  year={1996},
  publisher={ACM}
}

@article{keim2002information,
  title={Information visualization and visual data mining},
  author={Keim, Daniel A},
  journal={Visualization and Computer Graphics, IEEE Transactions on},
  volume={8},
  number={1},
  pages={1--8},
  year={2002},
  publisher={IEEE}
}
 
@article{swayne2003ggobi,
  title={GGobi: evolving from XGobi into an extensible framework for interactive data visualization},
  author={Swayne, Deborah F and Lang, Duncan Temple and Buja, Andreas and Cook, Dianne},
  journal={Computational Statistics \& Data Analysis},
  volume={43},
  number={4},
  pages={423--444},
  year={2003},
  publisher={Elsevier}
}

@article{swayne1998xgobi,
  title={XGobi: Interactive dynamic data visualization in the X Window System},
  author={Swayne, Deborah F and Cook, Dianne and Buja, Andreas},
  journal={Journal of Computational and Graphical Statistics},
  volume={7},
  number={1},
  pages={113--130},
  year={1998},
  publisher={Taylor \& Francis Group}
}

@inproceedings{gee2005universal,
  title={Universal visualization platform},
  author={Gee, Alexander G and Li, Hongli and Yu, Min and Smrtic, Mary Beth and Cvek, Urska and Goodell, Howie and Gupta, Vivek and Lawrence, Christine and Zhou, Jainping and Chiang, Chih-Hung and others},
  booktitle={Electronic Imaging 2005},
  pages={274--283},
  year={2005},
  organization={International Society for Optics and Photonics}
}

@inproceedings{north2000snap,
  title={Snap-together visualization: a user interface for coordinating visualizations via relational schemata},
  author={North, Chris and Shneiderman, Ben},
  booktitle={Proceedings of the working conference on Advanced visual interfaces},
  pages={128--135},
  year={2000},
  organization={ACM}
}

@article{north2002visualization,
  title={Visualization schemas and a web-based architecture for custom multiple-view visualization of multiple-table databases},
  author={North, Chris and Conklin, Nathan and Indukuri, Kiran and Saini, Varun},
  journal={Information Visualization},
  volume={1},
  number={3-4},
  pages={211--228},
  year={2002},
  publisher={SAGE Publications}
}

@inproceedings{fekete2004infovis,
  title={The infovis toolkit},
  author={Fekete, J},
  booktitle={Information Visualization, 2004. INFOVIS 2004. IEEE Symposium on},
  pages={167--174},
  year={2004},
  organization={IEEE}
}

@article{yang2003interactive,
  title={Interactive hierarchical displays: a general framework for visualization and exploration of large multivariate data sets},
  author={Yang, Jing and Ward, Matthew O and Rundensteiner, Elke A},
  journal={Computers \& Graphics},
  volume={27},
  number={2},
  pages={265--283},
  year={2003},
  publisher={Elsevier}
}
